% example .bib file from
% http://www.math.duke.edu/computing/tex/templates/database.bib

@article{Gundlach:2007gc,
author = "Gundlach, Carsten and Martin-Garcia, Jose M.",
title = "{Critical phenomena in gravitational collapse}",
eprint = "0711.4620",
archivePrefix = "arXiv",
primaryClass = "gr-qc",
doi = "10.12942/lrr-2007-5",
journal = "Living Rev. Rel.",
volume = "10",
pages = "5",
year = "2007"
}
@article{Palti:2019pca,
author = "Palti, Eran",
title = "{The Swampland: Introduction and Review}",
eprint = "1903.06239",
archivePrefix = "arXiv",
primaryClass = "hep-th",
reportNumber = "MPP-2019-53",
doi = "10.1002/prop.201900037",
journal = "Fortsch. Phys.",
volume = "67",
number = "6",
pages = "1900037",
year = "2019"
}

@article{Brennan:2017rbf,
author = "Brennan, T. Daniel and Carta, Federico and Vafa, Cumrun",
title = "{The String Landscape, the Swampland, and the Missing Corner}",
eprint = "1711.00864",
archivePrefix = "arXiv",
primaryClass = "hep-th",
reportNumber = "IFT-UAM-CSIC-17-105",
doi = "10.22323/1.305.0015",
journal = "PoS",
volume = "TASI2017",
pages = "015",
year = "2017"
}

@article{ThomasFD,
    author          = {J. W. Thomas},
    title           = {Numerical Partial Differential Equations: Finite Difference Methods},
    journal         = {Texts in Applied Mathematics},
    volume          = {22},
    number          = {},
    year            = {1995}
}